@misc{ubuntuusersfstab,
	author = {noisefloor},
	title = {Wiki/fstab},
	howpublished = "\url{https://wiki.ubuntuusers.de/fstab/}",
	year = {2016}, 
	month = "Januar",
	note = "[Online; Zugriff am: \today]"}

@misc{ocfs2faq,
	author = {Oracle},
	title = {OCFS2 1.2 - FREQUENTLY ASKED QUESTIONS},
	howpublished = "\url{https://oss.oracle.com/projects/ocfs2/dist/documentation/v1.2/ocfs2_faq.html}",
	year = {2009},
	note = "[Online; Zugriff am: \today]"}

@misc{updaterc,
	author = {chantra},
	title = {How-To: Managing Services With Update-Rc.D},
	howpublished = "\url{https://www.debuntu.org/how-to-managing-services-with-update-rc-d/}",
	year = {2007},
	month = "Juli",
	note = "[Online; Zugriff am: \today]"}